<?xml version="1.0" encoding="UTF-8"?><collection xmlns="http://www.loc.gov/MARC21/slim"><record><leader>00545nam--2200181-i-4500</leader><controlfield tag="001">000029881</controlfield><controlfield tag="002">20161230</controlfield><controlfield tag="005">20161230201037</controlfield><controlfield tag="008">060222s1000------------r-----000-0-eng-d</controlfield><datafield ind1=" " ind2=" " tag="040"><subfield code="a">IFIN-HH</subfield></datafield><datafield ind1=" " ind2=" " tag="080"><subfield code="a">539.144(047.1)</subfield></datafield><datafield ind1="1" ind2=" " tag="100"><subfield code="a">Kuriyama, A</subfield></datafield><datafield ind1="1" ind2="0" tag="245"><subfield code="a">A new microscopic theory of collective excitations in spherical odd-mass nuclei</subfield><subfield code="c">A. kuriyama, t. marumori, k. matsuyanagi</subfield></datafield><datafield ind1=" " ind2=" " tag="260"><subfield code="a">Tokyo</subfield><subfield code="b">University Of Tokyo</subfield><subfield code="c">1974</subfield></datafield><datafield ind1=" " ind2=" " tag="300"><subfield code="a">22P.+9 FIG</subfield></datafield><datafield ind1="1" ind2=" " tag="700"><subfield code="a">Matsuyanagi, K</subfield></datafield><datafield ind1=" " ind2=" " tag="852"><subfield code="a">42896</subfield><subfield code="c">539.14</subfield></datafield><datafield ind1=" " ind2=" " tag="CAT"><subfield code="a">Sys</subfield><subfield code="c">20120330</subfield><subfield code="h">125139</subfield></datafield></record></collection>